
@article{Culhane:2007,
	Adsnote =			 {Provided by the SAO/NASA Astrophysics Data System},
	Adsurl =			 {https://ui.adsabs.harvard.edu/abs/2007SoPh..243...19C},
	Author =			 {{Culhane}, J.~L. and {Harra}, L.~K. and {James}, A.~M. and {Al-Janabi}, K. and
                  {Bradley}, L.~J. and {Chaudry}, R.~A. and {Rees}, K. and {Tandy}, J.~A. and
                  {Thomas}, P. and {Whillock}, M.~C.~R. and {Winter}, B. and {Doschek}, G.~A. and
                  {Korendyke}, C.~M. and {Brown}, C.~M. and {Myers}, S. and {Mariska}, J. and
                  {Seely}, J. and {Lang}, J. and {Kent}, B.~J. and {Shaughnessy}, B.~M. and
                  {Young}, P.~R. and {Simnett}, G.~M. and {Castelli}, C.~M. and {Mahmoud}, S. and
                  {Mapson-Menard}, H. and {Probyn}, B.~J. and {Thomas}, R.~J. and {Davila}, J. and
                  {Dere}, K. and {Windt}, D. and {Shea}, J. and {Hagood}, R. and {Moye}, R. and
                  {Hara}, H. and {Watanabe}, T. and {Matsuzaki}, K. and {Kosugi}, T. and
                  {Hansteen}, V. and {Wikstol}, {\O}.},
	Date-Added =	 {2019-04-06 01:12:36 +0000},
	Date-Modified ={2019-04-06 01:12:41 +0000},
	Doi =					 {10.1007/s01007-007-0293-1},
	Journal =			 {\solphys},
	Month =				 {Jun},
	Pages =				 {19-61},
	Title =				 {{The EUV Imaging Spectrometer for Hinode}},
	Volume =			 {243},
	Year =				 {2007},
	Bdsk-Url-1 =	 {https://doi.org/10.1007/s01007-007-0293-1}
}

@article{Freeland:1998,
	Adsnote = {Provided by the SAO/NASA Astrophysics Data System},
	Adsurl = {https://ui.adsabs.harvard.edu/abs/1998SoPh..182..497F},
	Author = {{Freeland}, S.~L. and {Handy}, B.~N.},
	Date-Added = {2019-08-09 13:54:38 +0000},
	Date-Modified = {2019-08-09 13:54:53 +0000},
	Doi = {10.1023/A:1005038224881},
	Journal = {\solphys},
	Month = {Oct},
	Number = {2},
	Pages = {497-500},
	Title = {{Data Analysis with the SolarSoft System}},
	Volume = {182},
	Year = {1998},
	Bdsk-Url-1 = {https://doi.org/10.1023/A:1005038224881}}
